@article{andresen2011m,
  title={M-of-N Standard Transactions},
  author={Andresen, Gavin},
  journal={Bitcoin Improvement Proposal},
  year={2011},
  howpublished={\url{https://github.com/bitcoin/bips/blob/master/bip-0011.mediawiki}},
}

@article{1989New,
  title={New scheme for digital multisignatures},
  author={ Harn, L  and  Kresler, T },
  journal={Electronics Letters},
  volume={25},
  number={15},
  pages={1002-1003},
  year={1989},
}

@inproceedings{DBLP:conf/ctrsa/BellareN07,
  author    = {Mihir Bellare and
               Gregory Neven},
  title     = {Identity-Based Multi-signatures from {RSA}},
  booktitle = {Topics in Cryptology - {CT-RSA} 2007, The Cryptographers' Track at
               the {RSA} Conference 2007, San Francisco, CA, USA, February 5-9, 2007,
               Proceedings},
  series    = {Lecture Notes in Computer Science},
  volume    = {4377},
  pages     = {145--162},
  year      = {2007},
}

@inproceedings{DBLP:conf/pkc/BagherzandiJ10,
  author    = {Ali Bagherzandi and
               Stanislaw Jarecki},
  title     = {Identity-Based Aggregate and Multi-Signature Schemes Based on {RSA}},
  booktitle = {Public Key Cryptography - {PKC} 2010, 13th International Conference
               on Practice and Theory in Public Key Cryptography, Paris, France,
               May 26-28, 2010. Proceedings},
  series    = {Lecture Notes in Computer Science},
  volume    = {6056},
  pages     = {480--498},
  year      = {2010},
}

@inproceedings{DBLP:conf/isbast/TsaiLW13,
  author    = {Jia{-}Lun Tsai and
               Nai{-}Wei Lo and
               Tzong{-}Chen Wu},
  title     = {New Identity-Based Sequential Aggregate Signature Scheme from {RSA}},
  booktitle = {International Symposium on Biometrics and Security Technologies, {ISBAST}
               2013, 2-5 July, 2013, Chengdu, Sichuan, China},
  year      = {2013},
  url       = {http://ieeexplore.ieee.org/document/6597680/},
}

@inproceedings{DBLP:conf/eurocrypt/HohenbergerW18,
  author    = {Susan Hohenberger and
               Brent Waters},
  title     = {Synchronized Aggregate Signatures from the {RSA} Assumption},
  booktitle = {Advances in Cryptology - {EUROCRYPT} 2018 - 37th Annual International
               Conference on the Theory and Applications of Cryptographic Techniques,
               Tel Aviv, Israel, April 29 - May 3, 2018 Proceedings, Part {II}},
  series    = {Lecture Notes in Computer Science},
  volume    = {10821},
  pages     = {197--229},
  year      = {2018},
}

@inproceedings{DBLP:conf/asiacrypt/BonehLS01,
  author    = {Dan Boneh and
               Ben Lynn and
               Hovav Shacham},
  title     = {Short Signatures from the Weil Pairing},
  booktitle = {Advances in Cryptology - {ASIACRYPT} 2001, 7th International Conference
               on the Theory and Application of Cryptology and Information Security,
               Gold Coast, Australia, December 9-13, 2001, Proceedings},
  series    = {Lecture Notes in Computer Science},
  volume    = {2248},
  pages     = {514--532},
  year      = {2001},
}

@inproceedings{DBLP:conf/pkc/Boldyreva03,
  author    = {Alexandra Boldyreva},
  title     = {Threshold Signatures, Multisignatures and Blind Signatures Based on
               the Gap-Diffie-Hellman-Group Signature Scheme},
  booktitle = {Public Key Cryptography - {PKC} 2003, 6th International Workshop on
               Theory and Practice in Public Key Cryptography, Miami, FL, USA, January
               6-8, 2003, Proceedings},
  series    = {Lecture Notes in Computer Science},
  volume    = {2567},
  pages     = {31--46},
  year      = {2003},
}

@inproceedings{DBLP:conf/eurocrypt/RistenpartY07,
  author    = {Thomas Ristenpart and
               Scott Yilek},
  editor    = {Moni Naor},
  title     = {The Power of Proofs-of-Possession: Securing Multiparty Signatures
               against Rogue-Key Attacks},
  booktitle = {Advances in Cryptology - {EUROCRYPT} 2007, 26th Annual International
               Conference on the Theory and Applications of Cryptographic Techniques,
               Barcelona, Spain, May 20-24, 2007, Proceedings},
  series    = {Lecture Notes in Computer Science},
  volume    = {4515},
  pages     = {228--245},
  year      = {2007},
}

@article{01DBLP:journals/tifs/YaoZ13,
  author    = {Andrew Chi{-}Chih Yao and
               Yunlei Zhao},
  title     = {Online/Offline Signatures for Low-Power Devices},
  journal   = {{IEEE} Trans. Information Forensics and Security},
  volume    = {8},
  number    = {2},
  pages     = {283--294},
  year      = {2013}

}

@manual{JP_Morgan,
title = {JP Morgan Tests Blockchainâ€™s Capital Markets Potential},
url = {https://blogs.wsj.com/cio/2018/05/16/jp-morgan-tests-blockchains-capital-markets-potential/},
year = {The Wall Street Journal, 2018},
}

@inproceedings{02DBLP:conf/sp/SytaTVWJGGKF16,
  author    = {Ewa Syta and
               Iulia Tamas and
               Dylan Visher and
               David Isaac Wolinsky and
               Philipp Jovanovic and
               Linus Gasser and
               Nicolas Gailly and
               Ismail Khoffi and
               Bryan Ford},
  title     = {Keeping Authorities "Honest or Bust" with Decentralized Witness Cosigning},
  booktitle = {{IEEE} Symposium on Security and Privacy, {SP} 2016, San Jose, CA,
               USA, May 22-26, 2016},
  pages     = {526--545},
  year      = {2016}

}

@inproceedings{03drijverssecurity,
  author    = {Manu Drijvers and
               Kasra Edalatnejad and
               Bryan Ford and
               Eike Kiltz and
               Julian Loss and
               Gregory Neven and
               Igors Stepanovs},
  title     = {On the Security of Two-Round Multi-Signatures},
  booktitle = {2019 {IEEE} Symposium on Security and Privacy, {SP} 2019, San Francisco,
               CA, USA, May 19-23, 2019},
  pages     = {1084--1101},
  year      = {2019},
  }

@inproceedings{04DBLP:conf/ccs/BellareN06,
  author    = {Mihir Bellare and
               Gregory Neven},
  title     = {Multi-signatures in the plain public-Key model and a general forking
               lemma},
  booktitle = {Proceedings of the 13th {ACM} Conference on Computer and Communications
               Security, {CCS} 2006, Alexandria, VA, USA, October 30 - November
               3, 2006},
  pages     = {390--399},
  year      = {2006}
}

@inproceedings{05DBLP:conf/eurocrypt/RistenpartY07,
  author    = {Thomas Ristenpart and
               Scott Yilek},
  title     = {The Power of Proofs-of-Possession: Securing Multiparty Signatures
               against Rogue-Key Attacks},
  booktitle = {Advances in Cryptology - {EUROCRYPT} 2007, 26th Annual International
               Conference on the Theory and Applications of Cryptographic Techniques,
               Barcelona, Spain, May 20-24, 2007, Proceedings},
  pages     = {228--245},
  year      = {2007}

}

@article{DBLP:journals/dcc/MaxwellPSW19,
  author    = {Gregory Maxwell and
               Andrew Poelstra and
               Yannick Seurin and
               Pieter Wuille},
  title     = {Simple Schnorr multi-signatures with applications to Bitcoin},
  journal   = {Des. Codes Cryptogr.},
  volume    = {87},
  number    = {9},
  pages     = {2139--2164},
  year      = {2019},
  }


@inproceedings{07DBLP:conf/asiacrypt/BonehDN18,
  author    = {Dan Boneh and
               Manu Drijvers and
               Gregory Neven},
  title     = {Compact Multi-signatures for Smaller Blockchains},
  booktitle = {Advances in Cryptology - {ASIACRYPT} 2018 - 24th International Conference
               on the Theory and Application of Cryptology and Information Security,
               Brisbane, QLD, Australia, December 2-6, 2018, Proceedings, Part {II}},
  pages     = {435--464},
  year      = {2018}
}

@article{08nakamoto2008bitcoin,
	title={Bitcoin: A peer-to-peer electronic cash system},
    author={Nakamoto, Satoshi},
    journal={Decentralized Business Review},
    pages={21260},
    year={2008}
}


@article{09DBLP:journals/joc/Schnorr91,
  author    = {Claus{-}Peter Schnorr},
  title     = {Efficient Signature Generation by Smart Cards},
  journal   = {J. Cryptology},
  volume    = {4},
  number    = {3},
  pages     = {161--174},
  year      = {1991}
}

@inproceedings{10DBLP:conf/mascots/ThakkarNV18,
  author    = {Parth Thakkar and
               Senthil Nathan and
               Balaji Viswanathan},
  title     = {Performance Benchmarking and Optimizing Hyperledger Fabric Blockchain
               Platform},
  booktitle = {26th {IEEE} International Symposium on Modeling, Analysis, and Simulation
               of Computer and Telecommunication Systems, {MASCOTS} 2018, Milwaukee,
               WI, USA, September 25-28, 2018},
  pages     = {264--276},
  year      = {2018}
}

@inproceedings{11DBLP:conf/eurosys/AndroulakiBBCCC18,
  author    = {Elli Androulaki and
               Artem Barger and
               Vita Bortnikov and
               Christian Cachin and
               Konstantinos Christidis and
               Angelo De Caro and
               David Enyeart and
               Christopher Ferris and
               Gennady Laventman and
               Yacov Manevich and
               Srinivasan Muralidharan and
               Chet Murthy and
               Binh Nguyen and
               Manish Sethi and
               Gari Singh and
               Keith Smith and
               Alessandro Sorniotti and
               Chrysoula Stathakopoulou and
               Marko Vukolic and
               Sharon Weed Cocco and
               Jason Yellick},
  title     = {Hyperledger fabric: a distributed operating system for permissioned
               blockchains},
  booktitle = {Proceedings of the Thirteenth EuroSys Conference, EuroSys 2018, Porto,
               Portugal, April 23-26, 2018},
  pages     = {30:1--30:15},
  year      = {2018}
}

@inproceedings{12DBLP:conf/ccs/MicaliOR01,
  author    = {Silvio Micali and
               Kazuo Ohta and
               Leonid Reyzin},
  title     = {Accountable-subgroup multisignatures: extended abstract},
  booktitle = {{CCS} 2001, Proceedings of the 8th {ACM} Conference on Computer and
               Communications Security, Philadelphia, Pennsylvania, USA, November
               6-8, 2001.},
  pages     = {245--254},
  year      = {2001}
}

@inproceedings{13DBLP:conf/crypto/HohenbergerSW13,
  author    = {Susan Hohenberger and
               Amit Sahai and
               Brent Waters},
  title     = {Full Domain Hash from (Leveled) Multilinear Maps and Identity-Based
               Aggregate Signatures},
  booktitle = {Advances in Cryptology - {CRYPTO} 2013 - 33rd Annual Cryptology Conference,
               Santa Barbara, CA, USA, August 18-22, 2013. Proceedings, Part {I}},
  pages     = {494--512},
  year      = {2013}
}

@inproceedings{14DBLP:conf/ctrsa/BellareN07,
  author    = {Mihir Bellare and
               Gregory Neven},
  title     = {Identity-Based Multi-signatures from {RSA}},
  booktitle = {Topics in Cryptology - {CT-RSA} 2007, The Cryptographers' Track at
               the {RSA} Conference 2007, San Francisco, CA, USA, February 5-9, 2007,
               Proceedings},
  pages     = {145--162},
  year      = {2007}
}

@inproceedings{15DBLP:conf/pkc/BagherzandiJ10,
  author    = {Ali Bagherzandi and
               Stanislaw Jarecki},
  title     = {Identity-Based Aggregate and Multi-Signature Schemes Based on {RSA}},
  booktitle = {Public Key Cryptography - {PKC} 2010, 13th International Conference
               on Practice and Theory in Public Key Cryptography, Paris, France,
               May 26-28, 2010. Proceedings},
  pages     = {480--498},
  year      = {2010}
}

@inproceedings{16DBLP:conf/eurocrypt/HohenbergerW18,
  author    = {Susan Hohenberger and
               Brent Waters},
  title     = {Synchronized Aggregate Signatures from the {RSA} Assumption},
  booktitle = {Advances in Cryptology - {EUROCRYPT} 2018 - 37th Annual International
               Conference on the Theory and Applications of Cryptographic Techniques,
               Tel Aviv, Israel, April 29 - May 3, 2018 Proceedings, Part {II}},
  pages     = {197--229},
  year      = {2018}
}

@inproceedings{17tuan2017new,
  title={A new multi-proxy multi-signature scheme based on elliptic curve cryptography},
  author={Tuan, Dang Minh and Viet, Nguyen Anh},
  booktitle={2017 4th NAFOSTED Conference on Information and Computer Science},
  pages={105--109},
  year={2017},
  organization={IEEE}
}

@article{18itakura1983public,
  title={A public-key cryptosystem suitable for digital multisignatures},
  author={Kazuharu Itakura and
              Katsuhiro Nakamura},
  journal={NEC J. Res. Dev.},
  volume={71},
  pages={1--8},
  year={1983}
}

@inproceedings{19DBLP:conf/crypto/Krawczyk03,
  author    = {Hugo Krawczyk},
  title     = {{SIGMA:} The 'SIGn-and-MAc' Approach to Authenticated Diffie-Hellman
               and Its Use in the IKE-Protocols},
  booktitle = {Advances in Cryptology - {CRYPTO} 2003, 23rd Annual International
               Cryptology Conference, Santa Barbara, California, USA, August 17-21,
               2003, Proceedings},
  pages     = {400--425},
  year      = {2003}
}

@inproceedings{23DBLP:conf/isbast/TsaiLW13,
  author    = {Jia{-}Lun Tsai and
               Nai{-}Wei Lo and
               Tzong{-}Chen Wu},
  title     = {New Identity-Based Sequential Aggregate Signature Scheme from {RSA}},
  booktitle = {International Symposium on Biometrics and Security Technologies, {ISBAST}
               2013, 2-5 July, 2013, Chengdu, Sichuan, China},
  year      = {2013}
}

@inproceedings{24DBLP:conf/scn/BagherzandiJ08,
  author    = {Ali Bagherzandi and
               Stanislaw Jarecki},
  title     = {Multisignatures Using Proofs of Secret Key Possession, as Secure as
               the Diffie-Hellman Problem},
  booktitle = {Security and Cryptography for Networks, 6th International Conference,
               {SCN} 2008, Amalfi, Italy, September 10-12, 2008. Proceedings},
  pages     = {218--235},
  year      = {2008}
}

@inproceedings{28DBLP:conf/uss/Kokoris-KogiasJ16,
  author    = {Eleftherios Kokoris{-}Kogias and
               Philipp Jovanovic and
               Nicolas Gailly and
               Ismail Khoffi and
               Linus Gasser and
               Bryan Ford},
  title     = {Enhancing Bitcoin Security and Performance with Strong Consistency
               via Collective Signing},
  booktitle = {25th {USENIX} Security Symposium, {USENIX} Security 16, Austin, TX,
               USA, August 10-12, 2016.},
  pages     = {279--296},
  year      = {2016}
}

@inproceedings{29DBLP:conf/sp/SytaJKGGKFF17,
  author    = {Ewa Syta and
               Philipp Jovanovic and
               Eleftherios Kokoris{-}Kogias and
               Nicolas Gailly and
               Linus Gasser and
               Ismail Khoffi and
               Michael J. Fischer and
               Bryan Ford},
  title     = {Scalable Bias-Resistant Distributed Randomness},
  booktitle = {2017 {IEEE} Symposium on Security and Privacy, {SP} 2017, San Jose,
               CA, USA, May 22-26, 2017},
  pages     = {444--460},
  year      = {2017}
}

@inproceedings{30DBLP:conf/trustcom/ZhouWQHL16,
  author    = {Xiuwen Zhou and
               Qianhong Wu and
               Bo Qin and
               Xinyi Huang and
               Jianwei Liu},
  title     = {Distributed Bitcoin Account Management},
  booktitle = {2016 {IEEE} Trustcom/BigDataSE/ISPA, Tianjin, China, August 23-26,
               2016},
  pages     = {105--112},
  year      = {2016}
}

@inproceedings{31alangot2018reliable,
  title={Reliable collective cosigning to scale blockchain with strong consistency},
  author={Alangot, Bithin and Suresh, Maneesha and Raj, Arvind S and Pathinarupothi, Rahul Krishnan and Achuthan, Krishnashree},
  booktitle={Proceedings of the Network and Distributed System Security Symposium (DISS '18)},
  year={2018}
}

@inproceedings{32DBLP:conf/crypto/Lindell17,
  author    = {Yehuda Lindell},
  title     = {Fast Secure Two-Party {ECDSA} Signing},
  booktitle = {Advances in Cryptology - {CRYPTO} 2017 - 37th Annual International
               Cryptology Conference, Santa Barbara, CA, USA, August 20-24, 2017,
               Proceedings, Part {II}},
  pages     = {613--644},
  year      = {2017}
}

@inproceedings{33DBLP:conf/acns/GennaroGN16,
  author    = {Rosario Gennaro and
               Steven Goldfeder and
               Arvind Narayanan},
  title     = {Threshold-Optimal {DSA/ECDSA} Signatures and an Application to Bitcoin
               Wallet Security},
  booktitle = {Applied Cryptography and Network Security - 14th International Conference,
               {ACNS} 2016, Guildford, UK, June 19-22, 2016. Proceedings},
  pages     = {156--174},
  year      = {2016}
}

@article{34DBLP:journals/ijisec/MacKenzieR04,
  author    = {Philip D. MacKenzie and
               Michael K. Reiter},
  title     = {Two-party generation of {DSA} signatures},
  journal   = {Int. J. Inf. Sec.},
  volume    = {2},
  number    = {3-4},
  pages     = {218--239},
  year      = {2004}
}

@inproceedings{35DBLP:conf/ccs/BagherzandiCJ08,
  author    = {Ali Bagherzandi and
               Jung Hee Cheon and
               Stanislaw Jarecki},
  title     = {Multisignatures secure under the discrete logarithm assumption and
               a generalized forking lemma},
  booktitle = {Proceedings of the 2008 {ACM} Conference on Computer and Communications
               Security, {CCS} 2008, Alexandria, Virginia, USA, October 27-31, 2008},
  pages     = {449--458},
  year      = {2008}
}

@article{36DBLP:journals/dcc/MaWLD10,
  author    = {Changshe Ma and
               Jian Weng and
               Yingjiu Li and
               Robert H. Deng},
  title     = {Efficient discrete logarithm based multi-signature scheme in the plain
               public key model},
  journal   = {Des. Codes Cryptogr.},
  volume    = {54},
  number    = {2},
  pages     = {121--133},
  year      = {2010}
}

@article{37DBLP:journals/ijisec/JohnsonMV01,
  author    = {Don Johnson and
               Alfred Menezes and
               Scott A. Vanstone},
  title     = {The Elliptic Curve Digital Signature Algorithm {(ECDSA)}},
  journal   = {Int. J. Inf. Sec.},
  volume    = {1},
  number    = {1},
  pages     = {36--63},
  year      = {2001}
}

@article{38DBLP:journals/corr/SytaTVWF15,
  author    = {Ewa Syta and
               Iulia Tamas and
               Dylan Visher and
               David Isaac Wolinsky and
               Bryan Ford},
  title     = {Decentralizing Authorities into Scalable Strongest-Link Cothorities},
  journal   = {CoRR},
  volume    = {abs/1503.08768},
  year      = {2015}
}

@inproceedings{39DBLP:conf/icsai/DaiSMWY17,
  author    = {Fangfang Dai and
               Yue Shi and
               Nan Meng and
               Liang Wei and
               Zhiguo Ye},
  title     = {From Bitcoin to cybersecurity: {A} comparative study of blockchain
               application and security issues},
  booktitle = {4th International Conference on Systems and Informatics, {ICSAI} 2017,
               Hangzhou, China, November 11-13, 2017},
  pages     = {975--979},
  year      = {2017}
}

@inproceedings{40DBLP:conf/sp/KosbaMSWP16,
  author    = {Ahmed E. Kosba and
               Andrew Miller and
               Elaine Shi and
               Zikai Wen and
               Charalampos Papamanthou},
  title     = {Hawk: The Blockchain Model of Cryptography and Privacy-Preserving
               Smart Contracts},
  booktitle = {{IEEE} Symposium on Security and Privacy, {SP} 2016, San Jose, CA,
               USA, May 22-26, 2016},
  pages     = {839--858},
  year      = {2016}
}

@article{41DBLP:journals/ijnsec/LinL17,
  author    = {Iuon{-}Chang Lin and
               Tzu{-}Chun Liao},
  title     = {A Survey of Blockchain Security Issues and Challenges},
  journal   = {I. J. Network Security},
  volume    = {19},
  number    = {5},
  pages     = {653--659},
  year      = {2017}
}

@article{42DBLP:journals/cm/DorriSKJ17,
  author    = {Ali Dorri and
               Marco Steger and
               Salil S. Kanhere and
               Raja Jurdak},
  title     = {BlockChain: {A} Distributed Solution to Automotive Security and Privacy},
  journal   = {{IEEE} Communications Magazine},
  volume    = {55},
  number    = {12},
  pages     = {119--125},
  year      = {2017}
}

@article{44DBLP:journals/ijdsn/YuZWGXD0Y18,
  author    = {Mei Yu and
               Jie Zhang and
               Jianrong Wang and
               Jie Gao and
               Tianyi Xu and
               Rui Deng and
               Yan Zhang and
               Ruiguo Yu},
  title     = {Internet of Things security and privacy-preserving method through
               nodes differentiation, concrete cluster centers, multi-signature,
               and blockchain},
  journal   = {{IJDSN}},
  volume    = {14},
  number    = {12},
  year      = {2018}
}

@inproceedings{45DBLP:conf/ccs/SzalachowskiMP14,
  author    = {Pawel Szalachowski and
               Stephanos Matsumoto and
               Adrian Perrig},
  title     = {PoliCert: Secure and Flexible {TLS} Certificate Management},
  booktitle = {Proceedings of the 2014 {ACM} {SIGSAC} Conference on Computer and
               Communications Security, Scottsdale, AZ, USA, November 3-7, 2014},
  pages     = {406--417},
  year      = {2014}
}

@article{46DBLP:journals/ijisec/JohnsonMV01,
  author    = {Don Johnson and
               Alfred Menezes and
               Scott A. Vanstone},
  title     = {The Elliptic Curve Digital Signature Algorithm {(ECDSA)}},
  journal   = {Int. J. Inf. Sec.},
  volume    = {1},
  number    = {1},
  pages     = {36--63},
  year      = {2001}
}

@book{U2012Secure,
  title={Secure Hash Standard - SHS: Federal Information Processing Standards Publication 180-4},
  author={U.S. Department of Commerce},
  publisher={CreateSpace Independent Publishing Platform},
  year={2012}
}

@article{DBLP:journals/tifs/HeZXH15,
  author    = {Debiao He and
               Sherali Zeadally and
               Baowen Xu and
               Xinyi Huang},
  title     = {An Efficient Identity-Based Conditional Privacy-Preserving Authentication
               Scheme for Vehicular Ad Hoc Networks},
  journal   = {{IEEE} Trans. Information Forensics and Security},
  volume    = {10},
  number    = {12},
  pages     = {2681--2691},
  year      = {2015}
}

@inproceedings{DBLP:conf/ccs/AmbrosinCINSS16,
  author    = {Moreno Ambrosin and
               Mauro Conti and
               Ahmad Ibrahim and
               Gregory Neven and
               Ahmad{-}Reza Sadeghi and
               Matthias Schunter},
  editor    = {Edgar R. Weippl and
               Stefan Katzenbeisser and
               Christopher Kruegel and
               Andrew C. Myers and
               Shai Halevi},
  title     = {{SANA:} Secure and Scalable Aggregate Network Attestation},
  booktitle = {Proceedings of the 2016 {ACM} {SIGSAC} Conference on Computer and
               Communications Security, Vienna, Austria, October 24-28, 2016},
  pages     = {731--742},
  publisher = {{ACM}},
  year      = {2016}
}
